%% This BibTeX bibliography file was created using BibDesk.
%% http://bibdesk.sourceforge.net/


%% Created for Nils Reiter at 2014-07-15 15:29:15 +0200 


%% Saved with string encoding Unicode (UTF-8) 

%% Multiple ------------------------------------------------------------------------------------
@book{handbookofphonetics,
  title={The handbook of phonetic sciences},
  author={Hardcastle, William J and Laver, John and Gibbon, Fiona E},
  volume={119},
  year={2012},
  publisher={John Wiley \& Sons}
}

%% DL general -----------------------------------------------------------------------------------
@article{aggarwal,
  title={Neural networks and deep learning},
  author={Aggarwal, Charu C and others},
  journal={Springer},
  volume={10},
  pages={978--3},
  year={2018},
  publisher={Springer}
}

@book{bengio2017,
  title={Deep learning},
  author={Bengio, Yoshua and Goodfellow, Ian and Courville, Aaron},
  volume={1},
  year={2017},
  publisher={MIT press Massachusetts, USA:}
}

%% RNN / LSTM ------------------------------------------------------------------------------------
@article{lstm1997,
  title={Long short-term memory},
  author={Hochreiter, Sepp and Schmidhuber, J{\"u}rgen},
  journal={Neural computation},
  volume={9},
  number={8},
  pages={1735--1780},
  year={1997},
  publisher={MIT Press}
}

@article{olah2015,
  title={Understanding lstm networks},
  author={Olah, Christopher},
  year={2015}
}

@book{dlbible,
  title={Deep learning},
  author={Goodfellow, Ian and Bengio, Yoshua and Courville, Aaron},
  year={2016},
  publisher={MIT press}
}

@misc{lstmtutorial,
      title={Understanding LSTM -- a tutorial into Long Short-Term Memory Recurrent Neural Networks}, 
      author={Ralf C. Staudemeyer and Eric Rothstein Morris},
      year={2019},
      eprint={1909.09586},
      archivePrefix={arXiv},
      primaryClass={cs.NE}
}


%% Speech Processing --------------------------------------------------------------------------------
@article{mel2012,
  title={Design, analysis and experimental evaluation of block based transformation in MFCC computation for speaker recognition},
  author={Sahidullah, Md and Saha, Goutam},
  journal={Speech communication},
  volume={54},
  number={4},
  pages={543--565},
  year={2012},
  publisher={Elsevier}
}

@article{sek1995frequency,
  title={Frequency discrimination as a function of frequency, measured in several ways},
  author={Sek, Aleksander and Moore, Brian CJ},
  journal={The Journal of the Acoustical Society of America},
  volume={97},
  number={4},
  pages={2479--2486},
  year={1995},
  publisher={Acoustical Society of America}
}

% TTS --------------------------------------------------------------------------------------------
@inproceedings{ttsspontaneous,
  title={Spontaneous Conversational Speech Synthesis from Found Data.},
  author={Sz{\'e}kely, {\'E}va and Henter, Gustav Eje and Beskow, Jonas and Gustafson, Joakim},
  booktitle={INTERSPEECH},
  pages={4435--4439},
  year={2019}
}

% Accent Transfer --------------------------------------------------------------------------------
@inproceedings{facviappg,
  author={Guanlong Zhao and Shaojin Ding and Ricardo Gutierrez-Osuna},
  title={{Foreign Accent Conversion by Synthesizing Speech from Phonetic Posteriorgrams}},
  year=2019,
  booktitle={Proc. Interspeech 2019},
  pages={2843--2847},
  doi={10.21437/Interspeech.2019-1778},
  url={http://dx.doi.org/10.21437/Interspeech.2019-1778}
}

@inproceedings{acppgzhao,
  title={Accent conversion using phonetic posteriorgrams},
  author={Zhao, Guanlong and Sonsaat, Sinem and Levis, John and Chukharev-Hudilainen, Evgeny and Gutierrez-Osuna, Ricardo},
  booktitle={2018 IEEE International Conference on Acoustics, Speech and Signal Processing (ICASSP)},
  pages={5314--5318},
  year={2018},
  organization={IEEE}
}


@article{framepairing,
  title={Using phonetic posteriorgram based frame pairing for segmental accent conversion},
  author={Zhao, Guanlong and Gutierrez-Osuna, Ricardo},
  journal={IEEE/ACM Transactions on Audio, Speech, and Language Processing},
  volume={27},
  number={10},
  pages={1649--1660},
  year={2019},
  publisher={IEEE}
}

@article{acreference,
  title={Improving accent conversion with reference encoder and end-to-end text-to-speech},
  author={Li, Wenjie and Tang, Benlai and Yin, Xiang and Zhao, Yushi and Li, Wei and Wang, Kang and Huang, Hao and Wang, Yuxuan and Ma, Zejun},
  journal={arXiv preprint arXiv:2005.09271},
  year={2020}
}

@article{sautilearn,
  title={SautiLearn: improving online learning experience with accent translation},
  author={Afonja, Tejumade and Mbataku, Clinton and Okubadejo, Olumide and Malomo, Ademola and Nwadike, Munachiso S},
  year={2021}
}

@article{ttsskins,
  title={TTS skins: Speaker conversion via ASR},
  author={Polyak, Adam and Wolf, Lior and Taigman, Yaniv},
  journal={arXiv preprint arXiv:1904.08983},
  year={2019}
}

@article{parrotron,
  title={Parrotron: An end-to-end speech-to-speech conversion model and its applications to hearing-impaired speech and speech separation},
  author={Biadsy, Fadi and Weiss, Ron J and Moreno, Pedro J and Kanevsky, Dimitri and Jia, Ye},
  journal={arXiv preprint arXiv:1904.04169},
  year={2019}
}

@inproceedings{parikh2020english,
  title={English Language Accent Classification and Conversion using Machine Learning},
  author={Parikh, Pratik and Velhal, Ketaki and Potdar, Sanika and Sikligar, Aayushi and Karani, Ruhina},
  booktitle={Proceedings of the International Conference on Innovative Computing \& Communications (ICICC)},
  year={2020}
}

@article{ai2020new,
  title={A new approach to accent recognition and conversion for mandarin chinese},
  author={Ai, Lin and Jeng, Shih-Ying and Beigi, Homayoon},
  journal={arXiv preprint arXiv:2008.03359},
  year={2020}
}

@article{radzikowski2021accent,
  title={Accent modification for speech recognition of non-native speakers using neural style transfer},
  author={Radzikowski, Kacper and Wang, Le and Yoshie, Osamu and Nowak, Robert},
  journal={EURASIP Journal on Audio, Speech, and Music Processing},
  volume={2021},
  number={1},
  pages={1--10},
  year={2021},
  publisher={SpringerOpen}
}

@inproceedings{radzikowski2019accent,
  title={Accent neutralization for speech recognition of non-native speakers},
  author={Radzikowski, Kacper and Forc, Mateusz and Wang, Le and Yoshie, Osamu and Nowak, Robert},
  booktitle={Proceedings of the 21st International Conference on Information Integration and Web-based Applications \& Services},
  pages={136--141},
  year={2019}
}

@inproceedings{coto2016hidden,
  title={Hidden Markov Models for Artificial Voice Production and Accent Modification},
  author={Coto-Jim{\'e}nez, Marvin and Goddard-Close, John},
  booktitle={Ibero-American Conference on Artificial Intelligence},
  pages={415--426},
  year={2016},
  organization={Springer}
}

@inproceedings{artsynth1,
  title={Accent conversion through cross-speaker articulatory synthesis},
  author={Aryal, Sandesh and Gutierrez-Osuna, Ricardo},
  booktitle={2014 IEEE International Conference on Acoustics, Speech and Signal Processing (ICASSP)},
  pages={7694--7698},
  year={2014},
  organization={IEEE}
}

@inproceedings{artsynth2,
  title={Comparing Articulatory and Acoustic Strategies for Reducing Non-Native Accents.},
  author={Aryal, Sandesh and Gutierrez-Osuna, Ricardo},
  booktitle={INTERSPEECH},
  pages={312--316},
  year={2016}
}


@inproceedings{voicemorph,
  title={Foreign accent conversion through voice morphing.},
  author={Aryal, Sandesh and Felps, Daniel and Gutierrez-Osuna, Ricardo},
  booktitle={Interspeech},
  pages={3077--3081},
  year={2013}
}




%% Models ----------------------------------------------------------------------------------------
@inproceedings{tacotron,
  title={Natural tts synthesis by conditioning wavenet on mel spectrogram predictions},
  author={Shen, Jonathan and Pang, Ruoming and Weiss, Ron J and Schuster, Mike and Jaitly, Navdeep and Yang, Zongheng and Chen, Zhifeng and Zhang, Yu and Wang, Yuxuan and Skerrv-Ryan, Rj and others},
  booktitle={2018 IEEE International Conference on Acoustics, Speech and Signal Processing (ICASSP)},
  pages={4779--4783},
  year={2018},
  organization={IEEE}
}

@article{feedbackgan,
  title={Self-imitating feedback generation using GAN for computer-assisted pronunciation training},
  author={Yang, Seung Hee and Chung, Minhwa},
  journal={arXiv preprint arXiv:1904.09407},
  year={2019}
}


@inproceedings{waveglow,
  title={Waveglow: A flow-based generative network for speech synthesis},
  author={Prenger, Ryan and Valle, Rafael and Catanzaro, Bryan},
  booktitle={ICASSP 2019-2019 IEEE International Conference on Acoustics, Speech and Signal Processing (ICASSP)},
  pages={3617--3621},
  year={2019},
  organization={IEEE}
}

@misc{glow,
      title={Glow: Generative Flow with Invertible 1x1 Convolutions}, 
      author={Diederik P. Kingma and Prafulla Dhariwal},
      year={2018},
      eprint={1807.03039},
      archivePrefix={arXiv},
      primaryClass={stat.ML}
}

@misc{wavenet,
      title={WaveNet: A Generative Model for Raw Audio}, 
      author={Aaron van den Oord and Sander Dieleman and Heiga Zen and Karen Simonyan and Oriol Vinyals and Alex Graves and Nal Kalchbrenner and Andrew Senior and Koray Kavukcuoglu},
      year={2016},
      eprint={1609.03499},
      archivePrefix={arXiv},
      primaryClass={cs.SD}
}


% related work ---------------------------------------------------------------------------------


@article{melganvc,
  title={MelGAN-VC: Voice conversion and audio style transfer on arbitrarily long samples using spectrograms},
  author={Pasini, Marco},
  journal={arXiv preprint arXiv:1910.03713},
  year={2019}
}

@article{cycleganvc,
  title={Parallel-data-free voice conversion using cycle-consistent adversarial networks},
  author={Kaneko, Takuhiro and Kameoka, Hirokazu},
  journal={arXiv preprint arXiv:1711.11293},
  year={2017}
}

@inproceedings{allosaurus,
  title={Universal phone recognition with a multilingual allophone system},
  author={Li, Xinjian and Dalmia, Siddharth and Li, Juncheng and Lee, Matthew and Littell, Patrick and Yao, Jiali and Anastasopoulos, Antonios and Mortensen, David R and Neubig, Graham and Black, Alan W and others},
  booktitle={ICASSP 2020-2020 IEEE International Conference on Acoustics, Speech and Signal Processing (ICASSP)},
  pages={8249--8253},
  year={2020},
  organization={IEEE}
}



%% IPA ----------------------------------------------------------------------------------------------
@book{ipa,
  title={Handbook of the International Phonetic Association: A guide to the use of the International Phonetic Alphabet},
  author={International Phonetic Association and International Phonetic Association Staff and others},
  year={1999},
  publisher={Cambridge University Press}
}

@inproceedings{ctc,
  title={Connectionist temporal classification: labelling unsegmented sequence data with recurrent neural networks},
  author={Graves, Alex and Fern{\'a}ndez, Santiago and Gomez, Faustino and Schmidhuber, J{\"u}rgen},
  booktitle={Proceedings of the 23rd international conference on Machine learning},
  pages={369--376},
  year={2006}
}



%% GANs ---------------------------------------------------------------------------------------------
@article{ganoverview,
  title={Generative adversarial networks: An overview},
  author={Creswell, Antonia and White, Tom and Dumoulin, Vincent and Arulkumaran, Kai and Sengupta, Biswa and Bharath, Anil A},
  journal={IEEE Signal Processing Magazine},
  volume={35},
  number={1},
  pages={53--65},
  year={2018},
  publisher={IEEE}
}

@article{gan2020,
  title={Generative adversarial networks},
  author={Goodfellow, Ian and Pouget-Abadie, Jean and Mirza, Mehdi and Xu, Bing and Warde-Farley, David and Ozair, Sherjil and Courville, Aaron and Bengio, Yoshua},
  journal={Communications of the ACM},
  volume={63},
  number={11},
  pages={139--144},
  year={2020},
  publisher={ACM New York, NY, USA}
}

@article{gan2014,
  title={Generative adversarial nets},
  author={Goodfellow, Ian and Pouget-Abadie, Jean and Mirza, Mehdi and Xu, Bing and Warde-Farley, David and Ozair, Sherjil and Courville, Aaron and Bengio, Yoshua},
  journal={Advances in neural information processing systems},
  volume={27},
  year={2014}
}

%% RNN -----------------------------------------------------------------------------------------------
@article{birnn1997,
  title={Bidirectional recurrent neural networks},
  author={Schuster, Mike and Paliwal, Kuldip K},
  journal={IEEE transactions on Signal Processing},
  volume={45},
  number={11},
  pages={2673--2681},
  year={1997},
  publisher={Ieee}
}

@article{rnn2001,
  title={Recurrent neural networks},
  author={Medsker, Larry R and Jain, LC},
  journal={Design and Applications},
  volume={5},
  pages={64--67},
  year={2001}
}

@article{rnn1986,
  title={Learning representations by back-propagating errors},
  author={Rumelhart, David E and Hinton, Geoffrey E and Williams, Ronald J},
  journal={nature},
  volume={323},
  number={6088},
  pages={533--536},
  year={1986},
  publisher={Nature Publishing Group}
}

@article{lstm,
  title={Long short-term memory},
  author={Hochreiter, Sepp and Schmidhuber, J{\"u}rgen},
  journal={Neural computation},
  volume={9},
  number={8},
  pages={1735--1780},
  year={1997},
  publisher={MIT Press}
}

%% CNN -------------------------------------------------------------------------------------------------
@article{neocognitron,
  title={Neocognitron: A hierarchical neural network capable of visual pattern recognition},
  author={Fukushima, Kunihiko},
  journal={Neural networks},
  volume={1},
  number={2},
  pages={119--130},
  year={1988},
  publisher={Elsevier}
}

@article{face,
  title={Face recognition: A convolutional neural-network approach},
  author={Lawrence, Steve and Giles, C Lee and Tsoi, Ah Chung and Back, Andrew D},
  journal={IEEE transactions on neural networks},
  volume={8},
  number={1},
  pages={98--113},
  year={1997},
  publisher={IEEE}
}

@inproceedings{understandingcnn,
  title={Understanding of a convolutional neural network},
  author={Albawi, Saad and Mohammed, Tareq Abed and Al-Zawi, Saad},
  booktitle={2017 International Conference on Engineering and Technology (ICET)},
  pages={1--6},
  year={2017},
  organization={Ieee}
}

@article{cnnarchitectures,
  title={A non-technical survey on deep convolutional neural network architectures},
  author={Altenberger, Felix and Lenz, Claus},
  journal={arXiv preprint arXiv:1803.02129},
  year={2018}
}





